@BOOK{Titov,
  author = {Титов, В. С. and Мокшин, В. И. and Петров, А. А. and Якушенков, Ю. Г.},
  title = {Техническое зрение роботов},
  address = {М.},
  publisher = {Машиностроение},
  year = {1990},
  numpages = {272},
  language = {russian}
}

@BOOK{Gabotinski,
  author = {Жаботинский, Ю. Д. and Исаев, Ю. В.},
  title = {Адаптивные промышленные роботы и их применение в микроэлектронике},
  address = {М.},
  publisher = {Радио и связь},
  year = {1985},
  numpages = {104},
  language = {russian}
}

@BOOK{Brusnitsyna,
  author = {Брусницына, Л. А. and Степановских, Е. И.},
  title = {Технология изготовления печатных плат},
  address = {Екатеринбург},
  publisher = {Издательство Уральского университета},
  year = {2015},
  numpages = {200},
  language = {russian}
}

@BOOK{Molchanov,
  author = {Молчанов, Г. Н.},
  title = {Повышение эффективности обработки на станках с ЧПУ},
  address = {М.},
  publisher = {Машиностроение},
  year = {1979},
  numpages = {204},
  language = {russian}
}

@BOOK{Pisarevsky,
  author = {Писаревский, А. Н. and Чернявский, А. Ф. and Афанасьев, Г. К.},
  title = {Системы технического зрения (принципиальные основы, аппаратное и математическое обеспечение).},
  address = {Л.},
  publisher = {Машиностроение},
  year = {1988},
  numpages = {424},
  language = {russian}
}

@BOOK{SpravTZ,
  author = {Сырямкин, В. И. and Титов, В. С. and Якушенков, В. Г. and Галиулин, Р. М. and Лопухин В. А.},
  title = {Системы технического зрения},
  address = {Томск},
  publisher = {МГП <<РАСКО>>},
  year = {1992},
  numpages = {400},
  language = {russian}
}

@BOOK{Kudr-92,
  author = {Кудрявцев, А. В.},
  title = {Методы интуитивного поиска технических решений},
  address = {СПб},
  publisher = {СПбНИУ ИТМО},
  year = {1992},
  numpages = {116},
  language = {russian}
}

@BOOK{Shapiro,
  author = {Шапиро, Л. and Стокман, Дж.},
  title = {Техническое зрение},
  address = {М.},
  publisher = {Бином. Лаборатория знаний},
  year = {2006},
  numpages = {752},
  language = {russian}
}

@BOOK{Mest2004,
  author = {Местецкий, Л. М.},
  title = {Математические методы распознавания образов.},
  address = {М.},
  publisher = {МГУ, ВМиК, кафедра <<Математические методы прогнозирования>>},
  year = {2004},
  numpages = {85},
  language = {russian}
}

@BOOK{Forsyth,
  author = {Форсайт, Д. А. and Понс, Ж.},
  title = {Компьютерное зрение. Современный подход.},
  address = {М.},
  publisher = {Вильямс},
  year = {2004},
  numpages = {928},
  language = {russian}
}

@BOOK{Bragin,
  author = {Брагин, В. Б. and Войлов, Ю. Г. and Карели-Лямина, Э. С. and Маслов В. В. и др.},
  title = {Системы очувствления и адаптивные промышленные роботы.},
  address = {М.},
  publisher = {Машиностроение},
  year = {1985},
  numpages = {256},
  language = {russian}
}

@BOOK{Bezjazychniy,
  author = {Безъязычный, В. Ф.},
  title = {Справочник фрезеровщика.},
  address = {М.},
  publisher = {Машиностроение},
  year = {2010},
  numpages = {272},
  language = {russian}
}

@BOOK{Averchenkov,
  author = {Аверченков, А. В. and Мрочек, Ж. А.},
  title = {Станки с ЧПУ. Устройство, программирование, инструментальное обеспечение и оснастка. Учебное пособие.},
  address = {М.},
  publisher = {Флинта, Наука},
  year = {2017},
  numpages = {360},
  language = {russian}
}

@BOOK{Myasnikov,
  author = {Мясников, М. Я. and Глумов, И. И. and Сергеев, В. В.},
  title = {Методы обнаружения и распознавания объектов на цифровых изображениях.},
  address = {Самара},
  publisher = {Издательство ФГАУ},
  year = {2006},
  numpages = {170},
  language = {russian}
}

@BOOK{Efremov,
  author = {Ефремов, В. Д. and Горохов, В. А. and Схиртладзе, А. Г.},
  title = {Металлорежущие станки.},
  address = {Старый Оскол},
  publisher = {ТНТ},
  year = {2014},
  numpages = {696},
  language = {russian}
}

@BOOK{Kennet,
  author = {Кеннет Маккей and Винсент Вирс},
  title = {Эффективное производство. Практическое руководство по совершенствованию планирования и контроля.},
  address = {Минск},
  publisher = {Гревцов Паблишер},
  year = {2009},
  numpages = {384},
  language = {russian}
}

@BOOK{Averjianov,
  author = {Аверьянов, О. И.},
  title = {Модульный принцип построения станков с ЧПУ.},
  address = {М.},
  publisher = {Машиностроение},
  year = {1987},
  numpages = {232},
  language = {russian}
}

@BOOK{Parondzhanov,
  author = {Паронджанов, С.},
  title = {Многоагентные системы. Взаимодействие.},
  publisher = {LAP Lambert Academic Publishing},
  year = {2012},
  numpages = {200},
  language = {russian}
}

@BOOK{Kalpakjian,
  author = {Serope Kalpakjian and Steven Schmid},
  title = {Manufacturing Engineering \& Technology.},
  publisher = {Pearson},
  year = {2013},
  numpages = {1216},
  language = {english}
}

@BOOK{Barry2014,
  author = {Douglas K. Barry and David Dick},
  title = {Web Services, Service-Oriented Architectures, and Cloud Computing.},
  publisher = {Elsevier Inc.},
  year = {2013},
  numpages = {226},
  language = {english}
}

@BOOK{Anand2019,
  author = {Sheila Anand and L. Priya},
  title = {A Guide for Machine Vision in Quality Control.},
  publisher = {Chapman and Hall},
  year = {2019},
  numpages = {192},
  language = {english}
}

@BOOK{Beyerer2016,
  author = {Beyerer, Jürgen and Puente León, Fernando and Frese, Christian},
  title = {Machine Vision. Automated Visual Inspection: Theory, Practice and Applications.},
  publisher = {Springer-Verlag Berlin Heidelberg},
  year = {2016},
  numpages = {798},
  language = {english}
}

@ARTICLE{Alexandrov, 
author={Александров, Е. И. and Жданов, А. А. and Андреев, В. П.}, 
journal={Тезисы докладов научно-технической конференции "Разработка систем технического зрения и их применение в промышленности"}, 
title={Обеспечение метрологических характеристик аппаратной части системы технического зрения на базе промышленной телевизионной установки}, 
year={1986}, 
volume={1}, 
pages={63--64}, 
}

@ARTICLE{Streltsov, 
author={Стрельцов, П. А. and Киселёв, Е. С.}, 
journal={Известия Самарского научного центра РАН.}, 
title={Повышение эффективности высокоскоростного фрезерования сложнопрофильных заготовок путем совершенствования управляющих программ для станков с ЧПУ в CAM-системе}, 
year={2016}, 
volume={18}, 
number={1--2},
url={https://cyberleninka.ru/article/n/povyshenie-effektivnosti-vysokoskorostnogo-frezerovaniya-slozhnoprofilnyh-zagotovok-putem-sovershenstvovaniya-upravlyayuschih},
pages={416--420}, 
}

@ARTICLE{elhm200, 
author={Валентин Терешкин and Лилия Григорьева and Жанетта Фантгоф}, 
journal={Контракт Электроника.}, 
title={Металлизация отверстий печатных плат}, 
year={2005}, 
volume={1},
url={https://www.contractelectronica.ru/articles/12-pechatnye-platy/metallizatsiya-otverstij-pechatnykh-plat},
}

@ARTICLE{Sidorchik, 
author={Сидорчик Елена Владимировна}, 
journal={Вестник евразийской науки.}, 
title={Повышение производительности работы станков с числовым программным управлением и точности обработки деталей}, 
year={2013}, 
volume={4}, 
number={17},
url={https://cyberleninka.ru/article/n/povyshenie-proizvoditelnosti-raboty-stankov-s-chislovym-programmnym-upravleniem-i-tochnosti-obrabotki-detaley},
pages={67--71}, 
}

@ARTICLE{Utin, 
author={Утин, Я. И.}, 
journal={Iron Magazine}, 
title={Цифровая перестройка}, 
year={2016}, 
volume={2}, 
pages={18--23}, 
}

@ARTICLE{h264, 
author={Казаков, Филипп}, 
journal={Компьютерра}, 
title={h.264 год спустя: Технология кодирования видео в MPEG-4 AVC. Часть первая}, 
year={2006},
}

@ARTICLE{Rosenblatt, 
author={Frank Rosenblatt}, 
journal={Cornell Aeronautical Laboratory, Psychological Review}, 
title={The Perceptron: A Probabilistic Model for Information Storage and Organization in the Brain}, 
year={1958}, 
volume={65}, 
number={6},
pages={386--408}, 
}

@INPROCEEDINGS{6935435, 
author={K. {Winge} and R. {Haugaard} and T. {Merritt}}, 
booktitle={2014 IEEE International Symposium on Mixed and Augmented Reality - Media, Art, Social Science, Humanities and Design (ISMAR-MASH'D)}, 
title={VAL: Visually Augmented Laser cutting to enhance and support creativity}, 
year={2014}, 
volume={}, 
number={}, 
pages={31-34}, 
keywords={augmented reality;computerised numerical control;laser beam cutting;production engineering computing;visually augmented laser cutting;creativity enhancement;creativity support;model building;prototyping;system utilizing spatial augmented reality techniques;visual augmentation;industrial fabrication tools;Laser beam cutting;Laser modes;Materials;Fabrication;Prototypes;Solid modeling;Augmented reality;CNC;Laser cutter}, 
doi={10.1109/ISMAR-AMH.2014.6935435}, 
ISSN={2381-8360}, 
month={Sep.},}

@INPROCEEDINGS{8878583, 
author={S. {Stankov} and S. {Ivanov} and T. {Todorov}}, 
booktitle={2019 IEEE XXVIII International Scientific Conference Electronics (ET)}, 
title={An Application Of Deep Neural Networks In Industrial Robotics For Detection Of Humans}, 
year={2019}, 
volume={}, 
number={}, 
pages={1-3}, 
keywords={control engineering computing;industrial robots;neural nets;production engineering computing;deep neural networks;industrial robotics;humans detection;Service robots;Neural networks;Cameras;Safety;Robot vision systems;Robot kinematics;Deep Neural Networks;CNN;object detection;industrial robot}, 
doi={10.1109/ET.2019.8878583}, 
ISSN={null}, 
month={Sep.},}

@INPROCEEDINGS{7358978, 
author={A. {Dömel} and S. {Kriegel} and M. {Brucker} and M. {Suppa}}, 
booktitle={2015 12th International Conference on Ubiquitous Robots and Ambient Intelligence (URAI)}, 
title={Autonomous pick and place operations in industrial production}, 
year={2015}, 
volume={}, 
number={}, 
pages={356-356}, 
keywords={industrial manipulators;mobile robots;sensors;autonomous pick and place operations;industrial production;pick and place applications;industrial environments;autonomous task execution;mobile robot;light weight robot arm;LWR arm;pan-tilt unit;PTU;sensors;Robot sensing systems;Service robots;Mobile robots;Production;Mobile communication}, 
doi={10.1109/URAI.2015.7358978}, 
ISSN={null}, 
month={Oct},}

@article{24725854,
author = {Eleonora Bottani and Giuseppe Vignali},
title = {Augmented reality technology in the manufacturing industry: A review of the last decade},
journal = {IISE Transactions},
volume = {51},
number = {3},
pages = {284-310},
year  = {2019},
publisher = {Taylor & Francis},
doi = {10.1080/24725854.2018.1493244},
}

@inproceedings{071ddc0cfd994362b7c96f0ecbc300f3,
title = "MARCut: Marker-based laser cutting for personal fabrication on existing objects",
keywords = "Laser cutting, Marker-based, Personal fabrication",
author = "Takashi Kikuchi and Yuichi Hiroi and Smith, {Ross T.} and Thomas, {Bruce H.} and Maki Sugimoto",
year = "2016",
month = "2",
day = "14",
doi = "10.1145/2839462.2856549",
language = "English",
isbn = "9781450335829",
pages = "468--474",
booktitle = "TEI 2016 - Proceedings of the 10th Anniversary Conference on Tangible Embedded and Embodied Interaction",
publisher = "Association for Computing Machinery, Inc", }

@INPROCEEDINGS{8409552, 
author={X. {Li} and W. {Liu} and Y. {Pan} and H. {Li} and X. {Ma} and Z. {Jia}}, 
booktitle={2018 IEEE International Instrumentation and Measurement Technology Conference (I2MTC)}, 
title={A monocular-vision-based contouring error detection method for CNC machine tools}, 
year={2018}, 
volume={}, 
number={}, 
pages={1-6}, 
keywords={calibration;computerised numerical control;error detection;image resolution;image sensors;image sequences;interpolation;machine tools;production engineering computing;measurement fixture;contouring error detection;vision measurement accuracy;arbitrary contouring error;measurement system;telecentric imaging system;high-speed contouring error;five-axis machine tool;CNC machine tools;Machine tools;Measurement uncertainty;Calibration;Cameras;Trajectory;Lenses;Monocular vision;Telecentric lens;Contouring performance;Contouring error;Machine tool accuracy}, 
doi={10.1109/I2MTC.2018.8409552}, 
ISSN={null}, 
month={May},}

@INPROCEEDINGS{149241, 
    author={S. Hata}, 
    booktitle={Industrial Electronics Society, 1990. {IECON '90}, 16th Annual Conference of {IEEE}}, 
    title={Vision systems for PCB manufacturing in Japan}, 
    year={1990}, 
    pages={792--797 vol.\,1}, 
    month={Nov},
}

@INPROCEEDINGS{5997485, 
    author={F. Guo and S. a. Guan}, 
    booktitle={2011 International Conference on Intelligence Science and Information Engineering}, 
    title={Research of the Machine Vision Based {PCB} Defect Inspection System}, 
    year={2011}, 
    pages={472--475},
    month={Aug},
}

@article{HUANG20095944,
    title = "Investigation of machine vision assisted automatic resharpening process of micro-drills",
    journal = "Journal of Materials Processing Technology",
    volume = "209",
    number = "18",
    pages = "5944--5954",
    year = "2009",
    author = "C.K. Huang and Y.S. Tarng and C.Y. Chiu and A.P. Huang",
}

@article{Morales2010,
    title = "Open-architecture system based on a reconfigurable hardware–software multi-agent platform for CNC machines",
    journal = "Journal of Systems Architecture",
    volume = "56",
    number = "9",
    pages = "407--418",
    year = "2010",
    author = "Luis Morales-Velazquez and Rene de Jesus Romero-Troncoso and Roque Alfredo Osornio-Rios and Gilberto Herrera-Ruiz and Eduardo Cabal-Yepez",
}

@article{FANG2020100980,
title = {Computer vision for behaviour-based safety in construction: A review and future directions},
journal = {Advanced Engineering Informatics},
volume = {43},
pages = {100980},
year = {2020},
issn = {1474-0346},
doi = {https://doi.org/10.1016/j.aei.2019.100980},
url = {https://www.sciencedirect.com/science/article/pii/S1474034619305531},
author = {Weili Fang and Peter E.D. Love and Hanbin Luo and Lieyun Ding},
keywords = {Behaviour-based safety, Unsafe behaviour, Computer vision, Deep learning, Convolutional neural network},
}

@article{Li2020,
title = {Deep Learning-Based Safety Helmet Detection in Engineering Management Based on Convolutional Neural Networks},
journal = {Advanced Engineering Informatics},
volume = {2020},
pages = {10},
year = {2020},
issn = {1687-8086},
doi = {https://doi.org/10.1155/2020/9703560},
author = {Yange Li and Han Wei and Zheng Han and Jianling Huang and Weidong Wang and Antonio Formisano},
keywords = {Behaviour-based safety, Unsafe behaviour, Computer vision, Deep learning, Convolutional neural network},
}

@article{ZHANG20121955,
title = {Design and Development of a High Speed Sorting System Based on Machine Vision Guiding},
journal = {Physics Procedia},
volume = {25},
pages = {1955-1965},
year = {2012},
note = {International Conference on Solid State Devices and Materials Science, April 1-2, 2012, Macao},
issn = {1875-3892},
doi = {https://doi.org/10.1016/j.phpro.2012.03.335},
url = {https://www.sciencedirect.com/science/article/pii/S1875389212007511},
author = {Wenchang Zhang and Jiangping Mei and Yabin Ding},
keywords = {automatic production line, machine vision, targets tracking, Delta robot},
}

@article{SU2006328,
    title = "An automated flank wear measurement of microdrills using machine vision",
    journal = "Journal of Materials Processing Technology",
    volume = "180",
    number = "1",
    pages = "328--335",
    year = "2006",
    author = "J.C. Su and C.K. Huang and Y.S. Tarng",
}

@article{Hermann2015,
    title = "Design principles for Industrie 4.0 scenarios.",
    journal = "System Sciences (HICSS), 2016 49th Hawaii International Conference.",
    volume = "1",
    pages = "3928--3937",
    year = "2015",
    author = "Mario Hermann and Tobias Pentek and Boris Otto",
}

@article{Teslya2017,
    title = "Blockchain-based platform architecture for industrial IoT.",
    journal = "2017 21st Conference of Open Innovations Association (FRUCT).",
    volume = "1",
    pages = "321--329",
    year = "2017",
    author = "Nikolay Teslya and Igor Ryabchikov",
}

@ARTICLE{7467408,
  author={Christidis, Konstantinos and Devetsikiotis, Michael},
  journal={IEEE Access}, 
  title={Blockchains and Smart Contracts for the Internet of Things}, 
  year={2016},
  volume={4},
  number={},
  pages={2292-2303},
  doi={10.1109/ACCESS.2016.2566339}
}
  
@article{Alrawais2017,
author = {Alrawais, Arwa and Alhothaily, Abdulrahman and Hu, Chunqiang and Cheng, Xiuzhen},
year = {2017},
month = {03},
pages = {34-42},
title = {Fog Computing for the Internet of Things: Security and Privacy Issues},
volume = {21},
journal = {IEEE Internet Computing},
doi = {10.1109/MIC.2017.37}
}
  
@inproceedings{3098954-3098983,
author = {Buccafurri, Francesco and Lax, Gianluca and Nicolazzo, Serena and Nocera, Antonino},
title = {Overcoming Limits of Blockchain for IoT Applications},
year = {2017},
isbn = {9781450352574},
publisher = {Association for Computing Machinery},
address = {New York, NY, USA},
url = {https://doi.org/10.1145/3098954.3098983},
doi = {10.1145/3098954.3098983},
booktitle = {Proceedings of the 12th International Conference on Availability, Reliability and Security},
articleno = {26},
numpages = {6},
keywords = {Twitter, IoT applications, Public Ledger, Blockchain},
location = {Reggio Calabria, Italy},
series = {ARES '17}
}

@ARTICLE{Xu2017,
	author={L. M. Xu and Z. Q. Yang and Z. H. Jiang and Y. Chen },
	title={Light source optimization for automatic visual inspection of piston surface defects.},
	journal={The International Journal of Advanced Manufacturing Technology},
	year={2017},
	volume={91},
	pages={2245--2256},
	document_type={Conference Paper},
	source={Scopus},
}

@article{Oberg2017,
    title = "Barriers for industrial implementation of in-process monitoring of weld penetration for quality control.",
    journal = "The International Journal of Advanced Manufacturing Technology.",
    pages = "2427--2434",
    year = "2017",
    author = "Anna Ericson Öberg and Fredrik Sikström ",
}

@article{Usamentiaga2017,
    title = "Highly accurate geometric calibration for infrared cameras using inexpensive calibration targets.",
    journal = "Measurement.",
    volume = "112",
    pages = "105--116",
    year = "2017",
    author = "Ruben Usamentiaga Fernández and García Martínez and Daniel Fernando and Clemente Ibarra Castanedo and X. Maldague",
}

@article{Moore2019,
    title = "What is Industry 4.0? Everything you need to know",
    journal = "TechRadar",
    year = "2019",
    author = "Mike Moore",
}

@ARTICLE{Nello2000, 
	author={Nello Zuech}, 
	journal={Industry Insights}, 
	title={Machine Vision Considerations for Metrology Applications.}, 
	year={2000}, 
}

@ARTICLE{Schwab2017, 
	author={Klaus Schwab}, 
	journal={World Economic Forum}, 
	title={The Fourth Industrial Revolution: what it means, how to respond.}, 
	year={2017}, 
}

@ARTICLE{7752853, 
	author={W. C. Wang and S. L. Chen and L. B. Chen and W. J. Chang}, 
	journal={{IEEE} Access}, 
	title={A Machine Vision Based Automatic Optical Inspection System for Measuring Drilling Quality of Printed Circuit Boards}, 
	year={2017}, 
	volume={5}, 
	pages={10817--10833}, 
}

@article{barcodes,
    title = "Barcodes Sweep the World",
    journal = "Wonders of Modern Technology",
    year = "1993",
    author = "Tony Seideman",
}

@article{perceptron,
    title = "Perceptrons: An Associative Learning Network",
    journal = "Virginia Tech",
    year = "1993",
    author = "Michele D. Estebon",
}

@article{usb,
    title = "What is a Universal Serial Bus (USB)?",
    journal = "Techopedia",
    year = "2014",
    author = "Cory Janssen",
}

@article{video-history,
    title = "The History Of Digital Video File Formats",
    journal = "RealNetworks",
    year = "2012",
    author = "Real Team",
}

@article{perceptron2,
    title = "Perceptron-based learning algorithms",
    journal = "IEEE Transactions on Neural Networks",
    volume={1},
    year = "1990",
    author = "S.I. Gallant",
    pages={179--191},
}

@ARTICLE{Ferreira20151099,
	author={Ferreira, A. and Cardin, O. and Leitao, P.},
	title={Extension of holonic paradigm to smart grids},
	journal={IFAC-PapersOnLine},
	year={2015},
	volume={48},
	number={3},
	pages={1099-1104},
	doi={10.1016/j.ifacol.2015.06.230},
	document_type={Conference Paper},
	source={Scopus},
}
 
 @INPROCEEDINGS{Zhang6852827,
  author={H. Zhang and R. Guo and C. Geng},
  booktitle={The 26th Chinese Control and Decision Conference (2014 CCDC)},
  title={An architecture model of cloud manufacturing based on Multi-agent technology},
  year={2014},
  pages={3725--3729},
  month={May}
 }
 
  @CONFERENCE{Dewa201414,
  author={Dewa, M. and Matope, S. and Van Der Merwe, A. and Nyanga, L.},
  title={A web-based holonic inventory management system for tool and die workshop operations},
  journal={CIE 2014---44th International Conference on Computers and Industrial Engineering and IMSS 2014---9th International Symposium on Intelligent Manufacturing and Service Systems, Joint International Symposium on "The Social Impacts of Developments in Information, Manufacturing and Service Systems"---Proceedings},
  year={2014},
  pages={14--29},
  document_type={Conference Paper},
  source={Scopus}
 }
 
  @ARTICLE{Wang2014157,
  author={Wang, K. and Choi, S. H.},
  title={A holonic approach to flexible flow shop scheduling under stochastic processing times},
  journal={Computers and Operations Research},
  year={2014},
  volume={43},
  number={1},
  pages={157--168},
  doi={10.1016/j.cor.2013.09.013},
  document_type={Article},
  source={Scopus}
 }
 
   @ARTICLE{Li2018,
  author={Xinyu Li and Tiezhu Qiao and Yusong Pang and Haitao Zhang and Gaowei Yan},
  title={A new machine vision real-time detection system for liquid impurities based on dynamic morphological characteristic analysis and machine learning},
  journal={Measurement},
  year={2018},
  volume={124},
  pages={130--137},
  document_type={Article},
  source={Scopus}
 }
 
@article{NGUYEN2020350,
title = {Machine vision augmented reality for pedicle screw insertion during spine surgery},
journal = {Journal of Clinical Neuroscience},
volume = {72},
pages = {350-356},
year = {2020},
issn = {0967-5868},
doi = {https://doi.org/10.1016/j.jocn.2019.12.067},
url = {https://www.sciencedirect.com/science/article/pii/S0967586819318405},
author = {Nhu Q. Nguyen and Stefano M. Priola and Joel M. Ramjist and Daipayan Guha and Yuta Dobashi and Kenneth Lee and Michael Lu and Dimitrios Androutsos and Victor Yang},
keywords = {Neurosurgical navigation, Pedicle screw insertion, Augmented reality, Infrared tool tracking},
}
 
  @ARTICLE{Hung2020,
  author={Shih-Hsuan Hung and Chih-Yuan Yao and Yu-Jen Fang and Ping Tan and Ruen-Rone Lee and Alla Sheffer and Hung-Kuo Chu},
  title={Micrography QR Codes},
  journal={IEEE Transactions on Visualization and Computer Graphics},
  year={2020},
  volume={26},
  number={9},
  pages={2834--2847},
  doi={10.1109/TVCG.2019.2896895},
  document_type={Article},
  source={Scopus}
 }
 
 @article{daSilva201687,
  title = "Control architecture and design method of reconfigurable manufacturing systems ",
  journal = "Control Engineering Practice ",
  volume = "49",
  pages = "87--100",
  year = "2016",
  issn = "0967-0661",
  author = "Robson Marinho da Silva and Fabricio Junqueira and Diolino J. Santos Filho and Paulo E. Miyagi"
 }
 
@article{genicam,
  title = "Technical article: GenICam 3.0 for standardized 3D cameras.",
  journal = "European Machine Vision Association",
  year = "2015",
  author = "Andreas Breyer",
  url = "https://www.emva.org/news/technical-article-genicam-3-0-for-standardized-3d-cameras/"
 }
 
  @article{vvc-coding,
  title = "AHG12: VVC coding tool evaluation for high bit-depth coding.",
  journal = "JVET document management system.",
  year = "2020",
  author = "T. Ikai and T. Zhou and T. Hashimoto"
 }
 
 @article{Verba2016,
  title = "Platform as a service gateway for the {Fog of Things}",
  journal = "Advanced Engineering Informatics",
  year = "2016",
  note = "to be published",
  issn = "1474-0346",
  author = "Nandor Verba and Kuo-Ming Chao and Anne James and Daniel Goldsmith and Xiang Fei and Sergiu-Dan Stan"
 }
 
 @article{Allan2019,
  title = "Subjective Assessments of Lighting Quality: A Measurement Review",
  journal = "The Journal of the Illuminating Engineering Society",
  volume = "15",
  pages = "115--126",
  year = "2019",
  author = "Alicia C. Allan and Veronica Garcia-Hansen and Gillian Isoardi and Simon S. Smith"
 }
 
 @INPROCEEDINGS{Prazeres7471301,
  author={C. Prazeres and M. Serrano},
  booktitle={2016 30th International Conference on Advanced Information Networking and Applications Workshops (WAINA)},
  title={{SOFT-IoT}: Self-Organizing {Fog of Things}},
  year={2016},
  pages={803--808},
  month={March}
 }
 
 @INPROCEEDINGS{Vresk7522321,
  author={T. Vresk and I. \v{C}avrak},
  booktitle={2016 39th International Convention on Information and Communication Technology, Electronics and Microelectronics ({MIPRO})},
  title={Architecture of an interoperable {IoT} platform based on microservices},
  year={2016},
  pages={1196--1201},
  month={May}
 }
 
 @incollection{Colombo201567,

  title = "Chapter~4---Industrial Agents in the Era of Service-Oriented Architectures and Cloud-Based Industrial Infrastructures",
  editor = "Leit\~{a}o, Paulo  and Karnouskos, Stamatis ",
  booktitle = "Industrial Agents ",
  publisher = "Morgan Kaufmann",
  edition = "",
  address = "Boston",
  year = "2015",
  pages = "67--87",
  isbn = "978-0-12-800341-1",
  author = "Armando Walter Colombo and Stamatis Karnouskos and Joao Marco Mendes and Paulo Leitao"
 }
 
 @techreport{3d-vision,
     title = {3D Machine Vision Market Size, Share \& Trends Analysis Report By Offering, By Application (Quality Assurance, Positioning \& Guidance, Measurement, Identification), By Product, By End-use, And Segment Forecasts, 2020--2027},
     author = {GrandViewResearch},
     group = {Grand View Research},
     year = {2020},
     month = {08},
}

@techreport{CameraLink,
type = {Standard},
month = oct,
year = {2000},
title = {{Specifications of the Camera Link Interface Standard for Digital Cameras and Frame Grabbers}},
volume = {2000},
institution = {PULNiX America, Inc.}
}

@techreport{coaxpress,
type = {Standard},
month = jun,
year = {2010},
title = {{CoaXPress Standard}},
key = {JIIA NIF-001-2010},
volume = {1},
institution = {The Standardization Committee ― CoaXPressWorking Group, Japan Industrial Imaging Association}
}

@techreport{gcode,
type = {Standard},
month = feb,
year = {1979},
title = {{Interchangeable Variable Block Data Format for Positioning, Contouring, and Contouring/Positioning Numerically Controlled Machines}},
key = {EIA Standard RS-274-D},
volume = {1},
institution = {Washington D.C.: Electronic Industries Association}
}

@techreport{effectivnost,
type = {Standard},
month = jun,
year = {2017},
title = {{Системы технического обслуживания и ремонта. Ключевые показатели эффективности}},
key = {ГОСТ Р 57330-2016},
volume = {1},
institution = {НАЦИОНАЛЬНЫЙ СТАНДАРТ РОССИЙСКОЙ ФЕДЕРАЦИИ}
}

@techreport{emva1288,
type = {Standard},
author = {Bernd Jähne},
month = apr,
year = {2010},
title = {{EMVA 1288 Standard for Machine Vision}},
key = {EMVA 1288},
volume = {1},
institution = {Industrielle Bildverarbeitung}
}

@MISC{web:defect,
      TITLE = "Как системы компьютерного зрения помогают контролировать качество продукции",
      YEAR = 2019,
      url = "https://www.tadviser.ru/index.php/Статья:Как_системы_компьютерного_зрения_помогают_контролировать_качество_продукции"
}

@MISC{web:oee,
      TITLE = "Общая эффективность оборудования.",
      YEAR = 2008,
      url = "https://controlengrussia.com/innovatsii/obshchaja-ehffektivnost-oborudovanija/"
}

@MISC{web:dimention,
      TITLE = "Dimension Measurement.",
      YEAR = 2018,
      url = "https://www.keyence.com/ss/products/vision/visionbasics/use/inspection03/"
}



@MISC{web:raschet-cnc,
      TITLE = "Расчёт производительности станка с ЧПУ",
      url = "https://www.axissteel.ru/raschet-stanka-s-chpu/"
}
